

@article{Sako00,
  author = "Yusaku Sako and Kikuo Fujimura",
  title = "Shape Similarity by Homotropic Deformation",
  journal = "The Visual Computer",
  volume = 16,
  number = 1,
  pages = "47--61",
  publisher = "Springer-Verlag",
  year = "2000",
}


@book{day2012write,
  title={How to write and publish a scientific paper},
  author={Day, Robert and Gastel, Barbara},
  year={2012},
  publisher={Cambridge University Press}
}

@misc{sail,
      author = "Stacker",
      title = "Cloth Simulated Sail",
      month = "June",
      year = "2014",
      url = "http://blender.stackexchange.com/questions/12172/how-can-a-cloth-simulated-sail-be-prevented-from-flying-away"
}

@misc{clothmesh,
      author = "Paul Nathan",
      title = "Mass Spring Damper Cloth Simulation 2",
      month = "September",
      year = "2010",
      url = "https://youtu.be/qOvb3WLAX0E"
}

@misc{flag,
      author = "Paul Nathan",
      title = "Mass Spring Damper Cloth Simulation 2",
      month = "September",
      year = "2010",
      url = "https://youtu.be/5G2HpsH9rMQ"
}

@misc{flag,
      author = "Paul Nathan",
      title = "Mass Spring Damper Cloth Simulation 2",
      month = "September",
      year = "2010",
      url = "https://youtu.be/5G2HpsH9rMQ"
}

@article{object,
  note = {Proceedings of ACM SIGGRAPH Asia 2012, Singapore},
  title = {Adaptive Anisotropic Remeshing for Cloth Simulation},
  journal = {ACM Transactions on Graphics},
  author = {Rahul Narain and Armin Samii and James F. O'Brien},
  number = 6,
  month = nov,
  volume = 31,
  year = 2012,
  pages = {147:1--10},
  url = {http://graphics.berkeley.edu/papers/Narain-AAR-2012-11/},
}